@Misc{Ipopt,
    title        = "{Ipopt}",
    howpublished = "\url{https://coin-or.github.io/Ipopt/index.html}"
}