@article{2009F-EC02,
  title={機能分担CMA-ESの提案と評価},
  author={秋本 洋平 and 佐久間 淳 and 小野 功 and 小林 重信},
  journal={人工知能学会論文誌},
  volume={24},
  number={1},
  pages={58-68},
  year={2009},
  doi={10.1527/tjsai.24.58}
}