@article{DEAP_JMLR2012, 
    author    = " F\'elix-Antoine Fortin and Fran\c{c}ois-Michel {De Rainville} and Marc-Andr\'e Gardner and Marc Parizeau and Christian Gagn\'e ",
    title     = { {DEAP}: Evolutionary Algorithms Made Easy },
    pages    = { 2171--2175 },
    volume    = { 13 },
    month     = { jul },
    year      = { 2012 },
    journal   = { Journal of Machine Learning Research }
}

@Misc{deap_url,
    title        = "{進化計算ライブラリDEAPで実数値GA}",
    howpublished = "\url{https://qiita.com/tyoshitake/items/e76f6f8e4110731606bc}"
}

@INPROCEEDINGS{542381,
  author={Hansen, N. and Ostermeier, A.},
  booktitle={Proceedings of IEEE International Conference on Evolutionary Computation}, 
  title={Adapting arbitrary normal mutation distributions in evolution strategies: the covariance matrix adaptation}, 
  year={1996},
  volume={},
  number={},
  pages={312-317},
  doi={10.1109/ICEC.1996.542381}
}

@article{akimoto2016,
  title={Evolution Strategies による連続最適化},
  author={秋本 洋平},
  journal={システム／制御／情報},
  volume={60},
  number={7},
  pages={292-297},
  year={2016},
  doi={10.11509/isciesci.60.7_292}
}